2843 4864
374 114 432 172 iv
480 200 489 223 ι
930 116 1044 180 EX
1083 116 1592 183 SCHREVELII
1635 112 2216 179 PRAEFATIONE.

375 256 689 319 internosci
715 269 983 337 possent:
1011 259 1231 339 reliqua
1248 260 1385 319 νει-ὀ
1404 258 1703 339 simplicia,
1732 256 2064 329 derivativa,
2094 255 2413 336 composita
2432 244 2502 315 ae
2529 253 2744 315 decom·

382 347 575 425 posita
587 347 919 426 vulgaribus
938 350 1090 429 typis
1111 349 1402 429 impressa.
1444 342 1660 429 Etyma
1675 349 1813 409 vero
1831 369 1908 408 ex
1925 349 2156 427 optimis
2178 347 2499 427 quibusque
2517 346 2746 424 scripto·

378 438 536 498 ribus
562 438 869 518 desumpta
894 440 1120 508 addidi;
1144 459 1274 498 ⁴non
1302 439 1536 519 quidem
1556 458 1916 520 quaecunque
1942 438 2179 499 inveniri
2191 448 2535 516 potuerunt,
2556 442 2748 514 (quum

278 528 285 533 ’
382 549 460 591 ex
491 530 558 589 iis
583 549 700 589 non
727 550 916 609 pauca
951 531 1076 590 sine
1101 530 1279 599 dubio
1305 532 1417 590 sint
1445 529 1632 590 futilia
1657 541 1717 589 et
1743 528 2036 608 ridicula‚)
2070 528 2172 587 sed
2198 547 2326 605 quae
2352 528 2556 587 rationi
2580 528 2751 604 magis

382 631 771 681 consentanea
795 620 915 679 visa
940 630 1095 688 sunt,
1137 640 1268 699 quae
1295 621 1458 680 certe
1486 620 1680 679 multis
1707 620 1765 677 in
1790 619 1940 680 locis
1960 620 2116 688 auxi,
2145 631 2206 678 et
2229 639 2381 678 nova
2403 618 2610 686 addidi,
2630 636 2753 696 par-

381 710 487 769 tim
513 730 589 770 ex
618 709 917 777 Martium,
957 708 1165 788 partim
1204 728 1281 767 ex
1323 710 1612 768 Harmaro
1657 719 1718 767 et
1762 708 1904 767 aliis·
1985 708 2212 766 Horum
2248 709 2384 768 vero
2417 711 2752 777 Auctorum,

383 818 630 878 quorum
656 800 913 859 themata
938 800 1279 878 investigata
1308 800 1529 867 damna,
1569 800 1629 857 hi
1655 800 1778 860 fere
1805 798 2079 877 praecipui
2114 810 2284 858 sunt:
2327 796 2756 867 Sacri-codices,

381 899 508 948 tum
528 880 737 950 veteris
762 900 886 949 tum
913 890 1045 948 novi
1064 888 1446 961 Testamenti,
1495 890 1785 948 Homerus
1813 910 1944 949 cum
1973 893 2097 967 ejus
2125 890 2290 958 clavi,
2320 901 2381 948 et
2413 890 2760 967 latrachyo-

298 1048 305 1055 ,
383 979 628 1049 machia,
673 980 985 1049 Hesiodus,
1030 980 1322 1047 Musaeus3
1361 981 1732 1059 Theognidis,
1777 981 2124 1059 Pythagorae
2149 993 2209 1039 et
2237 979 2475 1038 aliorum
2519 984 2762 1059 γνῶμαι,

385 1070 657 1134 Isocratis
700 1069 1006 1129 Orationes
1044 1070 1414 1148 παραινήσεις,
1479 1070 1726 1130 Fabellae
1766 1071 2078 1159 AEsopieae,
2136 1077 2240 1130 διο.
2323 1071 2414 1129 lta
2454 1082 2519 1128 ut
2558 1070 2610 1127 in
2649 1069 2766 1128 hoc

384 1172 585 1220 nostro
610 1161 833 1220 Lexico
860 1162 1223 1220 contineatur
1240 1161 1519 1222 Manuale
1540 1163 1783 1232 PasoriS,
1806 1163 1994 1222 Clavis
2020 1162 2261 1237 Homeri
2279 1173 2340 1220 et
2358 1161 2585 1220 Indices
2611 1160 2770 1219 seor-2

388 1250 497 1310 sim
517 1251 577 1310 in
597 1272 728 1311 eum
758 1251 979 1320 excusi,
1025 1251 1277 1309 Cadmus
1306 1250 1794 1312 Graeco-Phoenix
1822 1253 2080 1311 Martinii
2111 1264 2460 1323 contractus,
2490 1252 2772 1311 Anomala

389 1340 515 1402 fere
544 1342 737 1401 omnia
762 1353 823 1400 et
851 1341 1470 1419 themata‘investigatu
1496 1342 1830 1403 difficiliora.
1899 1343 2257 1404 Monendum
2280 1344 2458 1402 etiam
2479 1344 2612 1402 huic
2638 1363 2773 1401 nos·
2819 1378 2820 1381 =

391 1444 496 1493 trae
526 1434 805 1502 Editioni,
835 1453 909 1491 ex
940 1431 1163 1491 Lexico
1192 1431 1392 1490 Ionico
1419 1443 1480 1491 et
1517 1433 1737 1492 Dorico
1758 1429 1977 1492 AEmilii
2001 1434 2178 1502 Porti,
2202 1444 2267 1491 ut
2293 1447 2352 1491 et
2373 1433 2592 1492 Lexico
2634 1434 2771 1492 Pin-

320 1570 327 1575 .
389 1523 586 1585 datico
613 1535 674 1584 et
700 1524 1067 1602 Lyricorum,
1114 1522 1298 1580 multa
1334 1520 1550 1591 addita,
1592 1522 1707 1581 im&
1739 1534 2038 1582 contracta
2064 1526 2186 1601 ejus
2213 1523 2455 1594 Lexica,
2484 1525 2577 1584 hic
2603 1526 2773 1584 simul

386 1613 426 1674 ὃ,
449 1613 616 1681 nobis
644 1615 919 1683 exhibita,
950 1624 1009 1671 et
1036 1612 1203 1691 plura
1227 1612 1355 1682 alia,
1398 1632 1527 1690 quae
1554 1612 1770 1672 Lector
1797 1614 1919 1693 ipse
1946 1615 2095 1672 inter
2123 1613 2429 1692 legendum
2457 1614 2774 1692 deprehen·

392 1703 533 1764 dere
558 1704 727 1762 facile
756 1705 988 1783 poterit.
1071 1702 1219 1761 Nam
1247 1703 1494 1762 antehac
1522 1724 1651 1782 quae
1677 1706 1752 1763 ad
1779 1705 2059 1771 Doricum
2098 1704 2404 1763 dialectum
2433 1705 2776 1775 attinebant,

386 1792 488 1853 vix
513 1794 921 1872 attigeramus3
965 1809 1118 1851 nunc
1137 1792 1276 1850 vero
1304 1792 1538 1873 copiose
1567 1806 1625 1853 et
1653 1796 1825 1874 plena
1850 1796 2013 1874 quasi
2041 1815 2212 1868 manu
2242 1796 2392 1855 inam
2417 1795 2778 1875 inseruimus,

391 1885 1120 1966 ¹adsper=“.imus.—Insuper
1142 1882 1318 1941 etiam
1338 1884 1475 1942 huic
1490 1895 1702 1943 nostrae
1723 1883 1977 1943 Editioni
1998 1884 2320 1943 addidimus
2347 1886 2571 1945 auctius
2593 1887 2781 1945 multo

389 1973 658 2036 Lexicon
699 1977 1017 2035 Baithasari
1065 1976 1309 2046 Gar‘thii,
1350 1994 1453 2033 seu
1501 1975 1760 2034 Iudicem
1801 1974 2138 2033 Latinarum
2162 1995 2370 2034 vocum
2397 1975 2785 2055 locupletissi-

391 2082 554 2124 mum
580 2077 641 2125 et
669 2066 1051 2138 utilissimum3
1093 2066 1408 2147 praesertim
1437 2065 1523 2135 iia,
1566 2066 1663 2144 qui
1693 2086 1768 2125 ex
1789 2066 1999 2125 Latino
2028 2065 2300 2125 Graecum
2328 2067 2558 2145 aliquod
2587 2066 2792 2126 thema

317 2181 323 2189 ¹
392 2156 644 2227 formare
686 2168 747 2216 et
790 2176 1138 2238 componere
1169 2158 1393 2216 volunt.
1474 2157 1625 2215 Tum
1655 2167 1715 2215 et
1740 2156 1852 2214 alia
1877 2155 2091 2224 addita,
2135 2173 2265 2233 quoe
2297 2155 2355 2212 in
2385 2155 2637 2232 Anglica
2662 2153 2790 2214 edi-

321 2250 330 2261 '
394 2244 553 2304 tione
580 2246 871 2326 leguntur.
956 2248 1229 2328 Denique
1255 2269 1371 2308 non
1400 2250 1502 2326 abs
1529 2267 1592 2306 re
1619 2246 1756 2304 mihi
1783 2247 1986 2315 visum,
2027 2246 2066 2306 J
2073 2245 2299 2305 uniores
2325 2264 2575 2332 mopere,
2620 2256 2689 2321 ut
2728 2245 2820 2321 in¹

393 2331 834 2412 investigatione
861 2337 1179 2399 thematum
1209 2340 1498 2419 praecipue
1528 2336 1807 2398 rationem
1824 2337 2078 2397 habeant
2099 2336 2350 2396 Dialecti
2370 2336 2600 2404 Ionicae,
2623 2334 2794 2394 ideo-

399 2443 517 2507 que
545 2428 579 2488 ὅ
611 2427 1019 2490 Grammaticis
1040 2443 1241 2510 petant
1264 2452 1392 2510 quae
1413 2430 1494 2489 illi
1521 2429 1789 2489 Dialecto
1823 2427 2056 2508 propria
2081 2426 2226 2485 sint:
2266 2426 2339 2486 ab
2360 2426 2468 2486 illis
2488 2450 2528 2487 a
2547 2447 2629 2486 sc.
2657 2446 2795 2485 mu·-

400 2520 510 2582 tari
550 2520 608 2578 in
635 2544 687 2597 η,
729 2532 791 2580 et
831 2542 938 2601 pro
968 2522 1117 2601 λὸγε
1146 2523 1339 2582 dicere
1368 2516 1582 2602 λόγοιο,
1622 2533 1680 2580 et
1708 2539 1813 2598 pro
1857 2517 2048 2598 λόγοις
2093 2518 2334 2596 λόγοισι,
2371 2530 2428 2576 et
2476 2529 2806 2595 augmenta

398 2611 707 2670 verborum
735 2612 1046 2690 saepissime
1075 2613 1255 2692 rejici,
1284 2633 1336 2672 e.
1368 2635 1426 2692 g.
1457 2633 1560 2693 pro
1608 2613 1799 2674 ἔτυπον
1825 2608 2010 2680 τύπον,
2046 2620 2107 2668 et
2134 2610 2218 2668 sic
2247 2609 2302 2666 in
2329 2608 2468 2668 aliis,
2550 2609 2712 2666 Tum
2733 2619 2808 2674 et,

376 2700 516 2760 1hoc
543 2701 973 2764 observandum?
989 2724 1064 2763 ex
1093 2704 1444 2764 nominativo
1473 2724 1629 2773 casu,
1659 2702 1906 2781 reliquos
1927 2720 2093 2760 casus
2113 2697 2442 2759 formandos
2463 2718 2607 2768 esse,
2629 2709 2698 2759 et
2717 2717 2805 2758 ex

400 2790 689 2872 praesenti,
718 2795 1009 2872 praeterito
1037 2806 1096 2854 et
1120 2797 1340 2864 futuro,
1373 2795 1594 2874 reliqua
1633 2804 1894 2871 tempora
1929 2791 2099 2851 facile
2136 2788 2345 2849 deduci
2374 2808 2561 2867 posse,
2609 2785 2820 2866 mod&

346 2881 353 2892 “
401 2884 802 2966 paradigmata
827 2888 1123 2945 nominum
1143 2898 1203 2946 et
1230 2887 1534 2945 verborum
1563 2886 1724 2944 recte
1746 2884 2010 2952 calleant,
2051 2893 2111 2940 et
2135 2880 2191 2938 in
2211 2889 2483 2959 promptu
2508 2878 2820 2938 habeant.¹

344 3010 351 3018 ,
407 2974 560 3035 Haec
587 2976 669 3035 ita
694 2977 1004 3035 commodo
1035 2967 1440 3037 Studiosorum
1463 2974 1811 3053 φιλελλήνων
1833 2971 2193 3043 concinnata,
2211 2969 2361 3050 aequi
2377 2969 2631 3052 bonique
2654 2967 2820 3042 cim&

330 3133 331 3136 Ἴ
400 3064 547 3136 sule,
586 3077 648 3125 et
671 3066 834 3126 hisce
861 3069 1068 3126 nostris
1092 3068 1386 3127 laboribus
1407 3068 1646 3147 aliisque
1672 3066 1819 3125 fave.
1885 3063 2052 3125 Vale.
2819 3053 2820 3064 ¹

575 3282 685 3361 [A.
702 3281 782 3343 n.
798 3279 1236 3379 mmmmm]
